%
%  An example of a bibliographical database for bibTeX
%
%  Recommended software for maintenance of *.bib files:
%    JabRef, http://jabref.sourceforge.net/
%
%  BEWARE:
%
%    *  If a name contains a capital letter, which must be kept such,
%       use curly brackets ({T}hailand, {HIV}).
%
%  ===========================================================================

@BOOK{elastic,
  title={Elasticsearch: The Definitive Guide: A Distributed Real-Time Search and Analytics Engine},
  author={Gormley, Clinton and Tong, Zachary},
  year={2015},
  publisher={" O'Reilly Media, Inc."}
}

@ARTICLE{invertedfiles,
  title={Inverted files for text search engines},
  author={Zobel, Justin and Moffat, Alistair},
  journal={ACM computing surveys (CSUR)},
  volume={38},
  number={2},
  pages={6},
  year={2006},
  publisher={ACM}
}

@ARTICLE{google,
  author = {Brin, Sergey and Page, Lawrence},
  title = {The Anatomy of a Large-Scale Hypertextual Web Search Engine},
 publisher = {Elsevier Science Publishers B. V.},
  year = {1998},
  pages = {107-117},
  volume = {30},
  number = {1-7}
}

@ARTICLE{invindex,
  title={Inverted indexes: Types and techniques},
  author={Mahapatra, Ajit Kumar and Biswas, Sitanath},
  journal={Int. Journal of Computer Science},
  volume={8},
  year={2011},
  publisher={Citeseer}
}

@ARTICLE{structs,
  title={Index structures for structured documents},
  author={Lee, Yong Kyu and Yoo, Seong-Joon and Yoon, Kyoungro and Berra, P Bruce},
  booktitle={Proceedings of the first ACM international conference on Digital libraries},
  pages={91--99},
  year={1996},
  organization={ACM}
}

@techreport{rfc5322,
   AUTHOR = "P. Resnick, Ed",
   TITLE = "{Internet Message Format}",
   HOWPUBLISHED = {Internet Requests for Comments},
   TYPE="{RFC}",
   NUMBER=5322,
   PAGES = {1-56},
   YEAR = {2008},
   MONTH = {October},
   URL={https://tools.ietf.org/html/rfc5322}
}

@techreport{rfc2045,
   AUTHOR = "Freed, N. and Borenstein, N.",
   TITLE = "{Multipurpose Internet Mail Extensions (MIME) Part One:  Format of Internet Message Bodies}",
   HOWPUBLISHED = {Internet Requests for Comments},
   TYPE="{RFC}",
   NUMBER=2045,
   PAGES = {1-30},
   YEAR = {1996},
   MONTH = {November},
   URL={https://www.rfc-editor.org/rfc/rfc2045.txt}
}

@techreport{rfc5598,
  author = "Crocker, D.",
  title = {Internet Mail Architecture},
   HOWPUBLISHED = {Internet Requests for Comments},
   TYPE="{RFC}",
   NUMBER=5598,
   PAGES = {1-56},
   YEAR = {2009},
   MONTH = {July},
   URL={https://tools.ietf.org/html/rfc5598}
}

@techreport{rfc821,
  author = "B. Postel, Jonathan",
  title = {Simple Mail Transfer Protocol},
   HOWPUBLISHED = {Internet Requests for Comments},
   TYPE="{RFC}",
   NUMBER=821,
   PAGES = {1-67},
   YEAR = {1982},
   MONTH = {August},
   URL={https://tools.ietf.org/html/rfc821}
}

@techreport{rfc1341,
  author = "Freed, N. and Borenstein, N.",
  title = {Mechanisms for Specifying and Describing the Format of Internet Message Bodies},
   HOWPUBLISHED = {Internet Requests for Comments},
   TYPE="{RFC}",
   NUMBER=1341,
   PAGES = {1-77},
   YEAR = {1992},
   MONTH = {June},
   URL={https://tools.ietf.org/html/rfc1341}
}

@techreport{rfc3501,
  author = "Crispin, M.",
  title = {INTERNET MESSAGE ACCESS PROTOCOL - VERSION 4rev1},
   HOWPUBLISHED = {Internet Requests for Comments},
   TYPE="{RFC}",
   NUMBER=3501,
   PAGES = {1-107},
   YEAR = {2003},
   MONTH = {March},
   URL={https://tools.ietf.org/html/rfc3501}
}
@techreport{rfc1939,
  author = "Myers, J. and Rose, M.",
  title = {Post Office Protocol - Version 3},
   HOWPUBLISHED = {Internet Requests for Comments},
   TYPE="{RFC}",
   NUMBER=1939,
   PAGES = {1-22},
   YEAR = {1996},
   MONTH = {May},
   URL={https://tools.ietf.org/html/rfc1939}
}

@misc{wwwstats,
  title = {The size of the World Wide Web},
  howpublished = {\url{http://www.worldwidewebsize.com/}},
  note = {Accessed: 2018-04-12}
}

@misc{cern-mail,
  title = {Announcing alpha test of PTG MAIL-DAEMON server},
  howpublished = {\url{https://groups.google.com/forum/#!topic/comp.archives/vpWqUAmg8xU}},
  note = {Accessed: 2018-03-05}
}

@inproceedings{klimt2004enron, title={The enron corpus: A new dataset for email classification research}, author={Klimt, Bryan and Yang, Yiming}, booktitle={European Conference on Machine Learning}, pages={217--226}, year={2004}, organization={Springer} }